<?xml version="1.0" encoding="utf-8"?>
<record xmlns="http://www.loc.gov/MARC21/slim" xmlns:xsi="http://www.w3.org/2001/XMLSchema-instance" xsi:schemaLocation="http://www.loc.gov/MARC21/slim http://www.loc.gov/standards/marcxml/schema/MARC21slim.xsd">
	<leader>     nam a22     Mi 4500</leader>
	<controlfield tag="001">b12466487</controlfield>
	<controlfield tag="003">UaCaAUL</controlfield>
	<controlfield tag="006">m        d        </controlfield>
	<controlfield tag="007">cr cn |||m|||a</controlfield>
	<controlfield tag="008">200214s1885    ae      o     000 0 ara d</controlfield>
	<datafield ind1=" " ind2=" " tag="040">
		<subfield code="a">ZYU</subfield>
		<subfield code="b">ara</subfield>
		<subfield code="e">rda</subfield>
		<subfield code="c">ZYU</subfield>
	</datafield>
	<datafield ind1=" " ind2="4" tag="050">
		<subfield code="a">PJ7601</subfield>
		<subfield code="b">.T9 1885</subfield>
	</datafield>
	<datafield ind1="0" ind2="3" tag="245">
		<subfield code="6">880-01</subfield>
		<subfield code="a">al-Tuḥfah al-bahīyah wa-al-ṭurfah al-shahīyah :</subfield>
		<subfield code="b">fīhā sabʻ ʻasharah majmūʻah muntakhabah tashtamilu ʻalá adabīyāt muʻjibah wa-nawādir muṭribah.</subfield>
	</datafield>
	<datafield ind1=" " ind2="1" tag="264">
		<subfield code="6">880-02</subfield>
		<subfield code="a">Qusṭanṭīnīyah :</subfield>
		<subfield code="b">ṭubiʻ fī Maṭbaʻat al-Jawāʼib,</subfield>
		<subfield code="c">1302 [1885]</subfield>
	</datafield>
	<datafield ind1=" " ind2=" " tag="300">
		<subfield code="a">online resource (296 pages)</subfield>
	</datafield>
	<datafield ind1=" " ind2=" " tag="336">
		<subfield code="a">text</subfield>
		<subfield code="2">rdacontent</subfield>
	</datafield>
	<datafield ind1=" " ind2=" " tag="337">
		<subfield code="a">computer</subfield>
		<subfield code="2">rdamedia</subfield>
	</datafield>
	<datafield ind1=" " ind2=" " tag="338">
		<subfield code="a">online resource</subfield>
		<subfield code="2">rdacarrier</subfield>
	</datafield>
	<datafield ind1=" " ind2=" " tag="500">
		<subfield code="6">880-03</subfield>
		<subfield code="a">Ṭubiʻat bi-rukhṣat Niẓārat al-Maʻārif al-jalīlah, tārīkh al-rukhṣah 25 Rabīʻ al-Awwal 1302 wa-ʻadaduhā 895.</subfield>
	</datafield>
	<datafield ind1=" " ind2=" " tag="500">
		<subfield code="6">880-04</subfield>
		<subfield code="a">&quot;Wa-kāna al-farāgh min ṭabʻihā fī muntaṣaf shahr Rabīʻ al-Ākhar min sanat alf wa-thalāthumāʼah wa-ithnatayn Hijrīyah&quot;--Colophon.</subfield>
	</datafield>
	<datafield ind1=" " ind2=" " tag="500">
		<subfield code="a">Part of the Arabic Collections Online (ACO) project, contributed by American University in Cairo Library.</subfield>
	</datafield>
	<datafield ind1="0" ind2=" " tag="505">
		<subfield code="6">880-05</subfield>
		<subfield code="a">al-Ūlá. Amthāl / Abī ʻUbayd al-Qāsim ibn Salām -- 2. al-Durr al-munaẓẓam fī al-waʻẓ wa-al-ḥikam -- 3. Kalimāt wa-ashʻār ḥikamīyah mukhtārah -- 4. Sabab waḍʻ ʻilm al-ʻArabīyah / lil-imām Jalāl al-Dīn al-Suyūṭī -- 5. Fī ʻilm al-khaṭṭ la-hu ayḍan -- 6. Tanbīh al-nāʼim al-ghamr ʻalá mawāsim al-ʻamr / lil-ʻallāmah Abī al-Faraj ibn al-Jawzī -- 7. Raṣf al-lāl fī waṣf al-hilāl / lil-Suyūṭī -- 8. Zahr al-rabīʻ fī al-mithl al-badīʻ ʻalá ḥurūf al-muʻjam -- 9. Amthāl Sayyidinā ʻAlī karrama Allāh wajhuhu ʻalá ḥurūf al-muʻjam -- 10. al-Nuzhah al-sunnīyah fī dhikr al-Khulafāʼ wa-al-mulūk al-Miṣrīyah / li-Ḥasan al-Ṭūlūnī -- 11. al-Risālah al-Ḥātimīyah lil-ʻAllāmah Abī ʻAlī Muḥammad ibn al-Muẓaffar al-Ḥātimī fī muwāfaqat shiʻr al-Mutanabbī li-kalām Arisṭāṭālīs -- 12. al-Urjūzah al-Raḥbīyah fī al-farāʼiḍ / lil-shaykh Muwaffaq al-Dīn al-Raḥbī -- 13. Risālat ʻAbd al-Wāsiʻ fī taqallub al-zamān wa-tabaddul al-aḥbāb -- 14. Riwāyāt laṭīfah wa-ḥikāyāt muntakhabah ẓarīfah -- 15. Fī al-alghāz -- 16. Fī al-tafḍīl bayna balāghatay al-ʻArab wa-al-ʻAjam / lil-ʻallāmah Abī Hilāl al-ʻAskarī -- 17. al-Amr al-muḥakkim al-marbūṭ fī mā yalzam ahl ṭarīq Allāh min al-mashrūṭ / lil-imām Muḥyī al-Dīn al-ʻArabī -- khātimat al-tuḥfah. Kitāb man ghāba ʻanhu al-muṭrib / lil-imām Abī Manṣūr al-Thaʻālibī.</subfield>
	</datafield>
	<datafield ind1=" " ind2=" " tag="533">
		<subfield code="a">Electronic reproduction.</subfield>
		<subfield code="b">New York, N.Y. :</subfield>
		<subfield code="c">New York University,</subfield>
		<subfield code="d">2020.</subfield>
		<subfield code="5">NNU</subfield>
	</datafield>
	<datafield ind1=" " ind2="0" tag="650">
		<subfield code="a">Arabic literature.</subfield>
	</datafield>
	<datafield ind1=" " ind2="7" tag="650">
		<subfield code="a">Arabic literature.</subfield>
		<subfield code="2">fast</subfield>
		<subfield code="0">(OCoLC)fst00812478</subfield>
	</datafield>
	<datafield ind1=" " ind2="7" tag="655">
		<subfield code="a">Collections.</subfield>
		<subfield code="2">fast</subfield>
		<subfield code="0">(OCoLC)fst01424032</subfield>
	</datafield>
	<datafield ind1="2" ind2=" " tag="710">
		<subfield code="a">American University in Cairo.</subfield>
		<subfield code="b">Library.</subfield>
	</datafield>
	<datafield ind1="0" ind2=" " tag="730">
		<subfield code="a">Arabic Collections Online.</subfield>
	</datafield>
	<datafield ind1="0" ind2="8" tag="776">
		<subfield code="i">Print version:</subfield>
		<subfield code="t">al-Tuḥfah al-bahīyah wa-al-ṭurfah al-shahīyah</subfield>
		<subfield code="w">(UaCaAUL)b12466487</subfield>
		<subfield code="w">(OCoLC)60506412</subfield>
	</datafield>
	<datafield ind1="4" ind2="0" tag="856">
		<subfield code="u">http://hdl.handle.net/2333.1/tmpg4qpx</subfield>
	</datafield>
	<datafield ind1="0" ind2="2" tag="880">
		<subfield code="6">245-01</subfield>
		<subfield code="a">التحفة البهية والطرفة الشهية :</subfield>
		<subfield code="b">فيها سبع عشرة مجموعة منتخبة تشتمل على أدبيات معجبة ونوادر مطربة.</subfield>
	</datafield>
	<datafield ind1=" " ind2="1" tag="880">
		<subfield code="6">264-02</subfield>
		<subfield code="a">قسطنطينية :</subfield>
		<subfield code="b">طبع في مطبعة الجوائب،</subfield>
		<subfield code="c">1302 [1885]</subfield>
	</datafield>
	<datafield ind1=" " ind2=" " tag="880">
		<subfield code="6">500-03</subfield>
		<subfield code="a">طبعت برخصة نظارة المعارف الجليلة، تاريخ الرخصة 25 ربيع الاول 1302 وعددها 895.</subfield>
	</datafield>
	<datafield ind1=" " ind2=" " tag="880">
		<subfield code="6">500-04</subfield>
		<subfield code="a">&quot;وكان الفراغ من طبعها في منتصف شهر ربيع الآخر من سنة الف وثلاثمائه واثنتين هجرية&quot;--Colophon.</subfield>
	</datafield>
	<datafield ind1="0" ind2=" " tag="880">
		<subfield code="6">505-05</subfield>
		<subfield code="a">الاولى. امثال / ابي عبيد القاسم بن سلام -- 2. الدر المنظم في الوعظ والحكم -- 3. كلمات واشعار حكمية مختارة -- 4. سبب وضع علم العربية / للامام جلال الدين السيوطي -- 5. في علم الخط له ايضا -- 6. تنبيه النائم الغمر على مواسم العمر / للعلامة ابي الفرج بن الجوزي -- 7. رصف اللآل في وصف الهلال / للسيوطي -- 8. زهر الربيع في المثل البديع على حروف المعجم -- 9. امثال سيدنا علي كرم الله وجهه على حروف المعجم -- 10. النزهة السنية في ذكر الخلفاء والملوك المصرية / لحسن الطولوني -- 11. الرسالة الحاتمية للعلامة ابي علي محمد بن المظفر الحاتمي في موافقة شعر المتنبي لكلام ارسطاطاليس -- 12. الارجوزة الرحبية في الفرائض / للشيخ موفق الدين الرحبي -- 13. رسالة عبد الواسع في تقلب الزمان وتبدل الاحباب -- 14. روايات لطيفة وحكايات منتخبة ظريفة -- 15. في الالغاز -- 16. في التفضيل بين بلاغتي العرب والعجم / للعلامة ابي هلال العسكري -- 17. الامر المحكم المربوط في ما يلزم اهل طريق الله من المشروط / للامام محيي الدين العربي -- خاتمة التحفة. كتاب من غاب عنه المطرب / للامام ابي منصور الثعالي.</subfield>
	</datafield>
	<datafield ind1=" " ind2=" " tag="959">
		<subfield code="a">NNU</subfield>
		<subfield code="b">WEB</subfield>
		<subfield code="c">GENI</subfield>
		<subfield code="t">0</subfield>
		<subfield code="m">Electronic access</subfield>
		<subfield code="s">01</subfield>
	</datafield>
	<datafield ind1=" " ind2=" " tag="999">
		<subfield code="i">UaCaAUL_b12466487</subfield>
		<subfield code="o">(OCoLC)ocm60506412</subfield>
		<subfield code="s">auc_aco001056</subfield>
		<subfield code="s">auc_aco001056</subfield>
	</datafield>
</record>
